@book{hermann2011sonification,
  title={The sonification handbook},
  author={Hermann, Thomas and Hunt, Andy and Neuhoff, John G},
  year={2011},
  publisher={Logos Verlag Berlin}
}