@inproceedings{dobrian2003gestural,
	title={Gestural control of music: using the vicon 8 motion capture system},
	author={Dobrian, Christopher and Bevilacqua, Fr{\'e}d{\'e}ric},
	booktitle={Proceedings of the international conference on New interfaces for musical expression},
	pages={161--163},
	year={2003},
	organization={National University of Singapore}
}

@inproceedings{kapur2005framework,
	title={A framework for sonification of vicon motion capture data},
	author={Kapur, Ajay and Tzanetakis, George and Virji-Babul, Naznin and Wang, Ge and Cook, Perry R},
	booktitle={Conference on Digital Audio Effects},
	pages={47--52},
	year={2005}
}

@inproceedings{worrall2013understanding,
	title={Understanding the Need for Micro-Gestural Inflections in Parameter-Mapping Sonification},
	author={Worrall, David},
	year={2013},
	booktitle={International Conference on Auditory Display}
}

%@inproceedings{nymoen2011soundsaber,
	title={Soundsaber-a motion capture instrument},
	author={Nymoen, Kristian and Skogstad, St{\aa}le Andreas van Dorp and Jensenius, Alexander Refsum},	
	booktitle={International conference on New interfaces for musical expression},
	year={2011}
}


@article{skogstad2010using,
	title={Using IR optical marker based motion capture for exploring musical interaction},
	author={Skogstad, St{\aa}le Andreas van Dorp and Jensenius, Alexander Refsum and Nymoen, Kristian},
	year={2010}
}

@inproceedings{eckel2009motion,
	title={Motion-enabled live electronics},
	author={Eckel, Gerhard and Pirro, David and Sharma, Gerriet K},
	booktitle={Sound and Music Computing Conference},
	year={2009}
}

@book{schaeffer1998solfege,
	title={Solf{\`e}ge de l'objet sonore},
	author={Schaeffer, Pierre and Reibel, Guy and Ferreyra, Beatriz and Chiarucci, Henri and Bayle, Fran{\c{c}}ois and Tanguy, Agn{\`e}s and Ducarme, Jean-Louis and Pontefract, Jean-Fran{\c{c}}ois and Schwarz, Jean},
	year={1998},
	publisher={INA}
}

@article{caramiaux2015adaptive,
	title={Adaptive gesture recognition with variation estimation for interactive systems},
	author={Caramiaux, Baptiste and Montecchio, Nicola and Tanaka, Atau and Bevilacqua, Fr{\'e}d{\'e}ric},
	journal={ACM Transactions on Interactive Intelligent Systems (TiiS)},
	volume={4},
	number={4},
	pages={18},
	year={2015},
	publisher={ACM}
}

@article{caramiaux2014mapping,
	title={Mapping through listening},
	author={Caramiaux, Baptiste and Fran{\c{c}}oise, Jules and Schnell, Norbert and Bevilacqua, Fr{\'e}d{\'e}ric},
	journal={Computer Music Journal},
	volume={38},
	number={3},
	pages={34--48},
	year={2014},
	publisher={MITP}
}

@article{song2016fast,
	title={How Fast Is Your Body Motion? Determining a Sufficient Frame Rate for an Optical Motion Tracking System Using Passive Markers},
	author={Song, Min-Ho and God{\o}y, Rolf Inge},
	journal={PloS one},
	volume={11},
	number={3},
	pages={e0150993},
	year={2016},
	publisher={Public Library of Science}
}

@article{welch2002motion,
	title={Motion tracking: No silver bullet, but a respectable arsenal},
	author={Welch, Greg and Foxlin, Eric},
	journal={IEEE Computer graphics and Applications},
	volume={22},
	number={6},
	pages={24--38},
	year={2002},
	publisher={IEEE}
}

@inproceedings{vigliensoni2012quantitative,
	title={A Quantitative Comparison of Position Trackers for the Development of a Touch-less Musical Interface.},
	author={Vigliensoni, Gabriel and Wanderley, Marcelo M},
	booktitle={International conference on New interfaces for musical expression},
	year={2012}
}

@book{hermann2011sonification,
  title={The sonification handbook},
  author={Hermann, Thomas and Hunt, Andy and Neuhoff, John G},
  year={2011},
  publisher={Logos Verlag Berlin}
}

@article{kendall1995decorrelation,
	title={The decorrelation of audio signals and its impact on spatial imagery},
	author={Kendall, Gary S},
	journal={Computer Music Journal},
	volume={19},
	number={4},
	pages={71--87},
	year={1995},
	publisher={JSTOR}
}

@article{hunt2000mapping,
	title={Mapping strategies for musical performance},
	author={Hunt, Andy and Kirk, Ross},
	journal={Trends in Gestural Control of Music},
	volume={21},
	pages={231--258},
	year={2000}
}


@book{gestureanalysis,
	title={Musical Robots and Interactive Multimodal Systems},
	author={Jorge Solis and Kia Ng},
	publisher={Springer-Verlag Berlin Heidelberg},
	address={Berlin},
	year={2011}	
}


@inproceedings{probabilisticmodels,
	title={Probabilistic models for designing motion and sound relationships},
	author={Fran{\c{c}}oise, Jules and Schnell, Norbert and Borghesi, Riccardo and Bevilacqua, Fr{\'e}d{\'e}ric},
	booktitle={International conference on new interfaces for musical expression},
	pages={287--292},
	year={2014}
}

@inproceedings{mubu,
	title={MuBu and friends--assembling tools for content based real-time interactive audio processing in Max/MSP},
	author={Schnell, Norbert and R{\"o}bel, Axel and Schwarz, Diemo and Peeters, Geoffroy and Borghesi, Riccardo and others},
	booktitle={International Computer Music Conference},
	year={2009}
}

@ARTICLE{hhmm,
	AUTHOR = "Shai Fine and Yoram Singer and Naftali Tishby",
	TITLE = "The Hierarchical Hidden Markov Model: Analysis and Aplications",
	JOURNAL = "Machine Learning",
	publisher={Kluwer Academic Publishers},
	address={Boston},
	PAGES = {41-62},
	YEAR = {1998}	}

@book{soundunseen,
	title={Sound Unseen - Acousmatic Sound in Theory and Practice},
	author={Brian Kane},
	publisher={Oxford University Press},
	address={New York},
	year={2014}	
}